<record><leader>00000cas a2200000 a 4500</leader><controlfield tag="001">610234734</controlfield><controlfield tag="008">100430c20059999iluwr ne      0   a0eng c</controlfield><datafield ind1=" " ind2=" " tag="010"><subfield code="a">  2010271321</subfield></datafield><datafield ind1=" " ind2=" " tag="040"><subfield code="a">NVF</subfield><subfield code="b">eng</subfield><subfield code="c">NVF</subfield><subfield code="d">OCLCQ</subfield><subfield code="d">OCLCF</subfield><subfield code="d">OCLCO</subfield><subfield code="d">NVF</subfield><subfield code="d">OCLCO</subfield><subfield code="d">OCL</subfield></datafield><datafield ind1=" " ind2=" " tag="042"><subfield code="a">pcc</subfield></datafield><datafield ind1=" " ind2=" " tag="043"><subfield code="a">n-us-il</subfield></datafield><datafield ind1="0" ind2=" " tag="130"><subfield code="a">Press (Oak Brook, Ill. : 2005)</subfield></datafield><datafield ind1="1" ind2="0" tag="245"><subfield code="a">Press.</subfield></datafield><datafield ind1=" " ind2=" " tag="260"><subfield code="a">Oak Brook, Ill. :</subfield><subfield code="b">Liberty Suburban Chicago Newspapers,</subfield><subfield code="c">2005-</subfield></datafield><datafield ind1=" " ind2=" " tag="300"><subfield code="a">v.</subfield></datafield><datafield ind1=" " ind2=" " tag="310"><subfield code="a">Weekly</subfield></datafield><datafield ind1="0" ind2=" " tag="362"><subfield code="a">Vol. 98, no. 22 (Mar. 31, 2005)-</subfield></datafield><datafield ind1=" " ind2=" " tag="580"><subfield code="a">Formed by the union of: Winfield press (Winfield, Ill.), and: Warrenville post, and: West Chicago press.</subfield></datafield><datafield ind1=" " ind2="0" tag="650"><subfield code="a">Community newspapers</subfield><subfield code="z">Illinois</subfield><subfield code="z">Chicago.</subfield></datafield><datafield ind1=" " ind2="0" tag="651"><subfield code="a">Winfield (Ill.)</subfield><subfield code="v">Newspapers.</subfield></datafield><datafield ind1=" " ind2="0" tag="651"><subfield code="a">Warrenville (Ill.)</subfield><subfield code="v">Newspapers.</subfield></datafield><datafield ind1=" " ind2="0" tag="651"><subfield code="a">West Chicago (Ill.)</subfield><subfield code="v">Newspapers.</subfield></datafield><datafield ind1=" " ind2="7" tag="655"><subfield code="a">Newspapers.</subfield><subfield code="2">fast</subfield><subfield code="0">(OCoLC)fst01423814</subfield></datafield><datafield ind1=" " ind2="7" tag="650"><subfield code="a">Community newspapers.</subfield><subfield code="2">fast</subfield><subfield code="0">(OCoLC)fst00871103</subfield></datafield><datafield ind1=" " ind2="7" tag="651"><subfield code="a">Illinois</subfield><subfield code="z">Chicago.</subfield><subfield code="2">fast</subfield><subfield code="0">(OCoLC)fst01204048</subfield></datafield><datafield ind1=" " ind2="7" tag="651"><subfield code="a">Illinois</subfield><subfield code="z">Warrenville.</subfield><subfield code="2">fast</subfield><subfield code="0">(OCoLC)fst01225228</subfield></datafield><datafield ind1=" " ind2="7" tag="651"><subfield code="a">Illinois</subfield><subfield code="z">West Chicago.</subfield><subfield code="2">fast</subfield><subfield code="0">(OCoLC)fst01217878</subfield></datafield><datafield ind1=" " ind2="7" tag="651"><subfield code="a">Illinois</subfield><subfield code="z">Winfield.</subfield><subfield code="2">fast</subfield><subfield code="0">(OCoLC)fst01205240</subfield></datafield><datafield ind1=" " ind2=" " tag="752"><subfield code="a">United States</subfield><subfield code="b">Illinois</subfield><subfield code="c">DuPage County</subfield><subfield code="d">Oak Brook.</subfield></datafield><datafield ind1="1" ind2="4" tag="780"><subfield code="t">Winfield press (Winfield, Ill.)</subfield><subfield code="w">(DLC)sn2002060795</subfield><subfield code="w">(OCoLC)51239458</subfield></datafield><datafield ind1="1" ind2="4" tag="780"><subfield code="t">Warrenville post</subfield><subfield code="w">(DLC)sn 98063301</subfield><subfield code="w">(OCoLC)40530546</subfield></datafield><datafield ind1="1" ind2="4" tag="780"><subfield code="t">West Chicago press</subfield><subfield code="w">(DLC)sn 88086054</subfield><subfield code="w">(OCoLC)17537783</subfield></datafield></record>